@InProceedings{potluriPuranikBodi2022,
  author    = {Vachan D. Potluri and Bhalchandra P. Puranik and Kowsik V.R. Bodi},
  booktitle = {International Shock Interaction Symposium},
  title     = {Effect of polynomial degree on discontinuous {Galerkin} simulation of {Euler} equations},
  year      = {2022},
  publisher = {Springer Nature},
}

@Article{potluriPuranikBodi2023,
  author  = {Vachan D. Potluri and Bhalchandra P. Puranik and Kowsik V.R. Bodi},
  journal = {Journal of Computational Physics},
  title   = {High order discontinuous {Galerkin} simulation of hypersonic shock-boundary layer interaction using subcell limiting approach},
  year    = {2023},
  issn    = {0021-9991},
  pages   = {112117},
  volume  = {485},
  doi     = {https://doi.org/10.1016/j.jcp.2023.112117},
  url     = {https://www.sciencedirect.com/science/article/pii/S0021999123002127},
}

@Comment{jabref-meta: databaseType:bibtex;}
